% $Id$

@ARTICLE{BalajiXGrid,
         author = {V. Balaji, Jeff Anderson, Isaac Held, Michael Winton, Jeff Durachta, Sergey Malyshev and Ronald J. Stouffer}, 
         title = {The Exchange Grid: a mechanism for data exchange between Earth System components on independent grids},
         journal = {Parallel Computational Fluid Dynamics: Theory and Applications,
Proceedings of the 2005 International Conference on Parallel Computational
Fluid Dynamics}, 
         year = {2006}
}
