% $Id$

@manual{json,
    title  = "JSON",
    note   = "\url{https://www.json.org/json-en.html}",
    year   = "2020 (accessed March 2020)"
}

@manual{json_for_modern_cpp,
    title  = "JSON for Modern C++",
    note   = "\url{https://github.com/nlohmann/json}",
    year   = "2020 (accessed February 2020)"
}

@manual{json_for_modern_cpp_object,
    title  = "JSON for Modern C++ Object",
    note   = "\url{https://nlohmann.github.io/json/classnlohmann_1_1basic__json_a5e48a7893520e1314bf0c9723e26ea2a.html#a5e48a7893520e1314bf0c9723e26ea2a}",
    year   = "2020 (accessed February 2020)"
}

@manual{json_for_modern_cpp_64bit_int,
    title  = "JSON for Modern C++ 64-Bit Integer",
    note   = "\url{https://nlohmann.github.io/json/classnlohmann_1_1basic__json_a98e611d67b7bd75307de99c9358ab2dc.html#a98e611d67b7bd75307de99c9358ab2dc}",
    year   = "2020 (accessed February 2020)"
}

@manual{json_for_modern_cpp_64bit_float,
    title  = "JSON for Modern C++ 64-Bit Float",
    note   = "\url{https://nlohmann.github.io/json/classnlohmann_1_1basic__json_a88d6103cb3620410b35200ee8e313d97.html#a88d6103cb3620410b35200ee8e313d97}",
    year   = "2020 (accessed February 2020)"
}

@manual{json_for_modern_cpp_json_pointer,
    title  = "JSON for Modern C++ JSON Pointer",
    note   = "\url{https://nlohmann.github.io/json/classnlohmann_1_1json__pointer_a7f32d7c62841f0c4a6784cf741a6e4f8.html#a7f32d7c62841f0c4a6784cf741a6e4f8}",
    year   = "2020 (accessed February 2020)"
}

@manual{json_for_modern_cpp_memory_overhead,
    title  = "JSON for Modern C++ Memory Efficiency",
    note   = "\url{https://github.com/nlohmann/json#design-goals}",
    year   = "2020 (accessed February 2020)"
}

@manual{json_for_modern_cpp_null,
    title  = "JSON for Modern C++ Null Value",
    note   = "\url{https://nlohmann.github.io/json/classnlohmann_1_1basic__json_a8faa039ca82427ed29c486ffd00600c3.html#a8faa039ca82427ed29c486ffd00600c3}",
    year   = "2020 (accessed February 2020)"
}

@manual{json_for_modern_cpp_size,
    title  = "JSON for Modern C++ Size Definition",
    note   = "\url{https://nlohmann.github.io/json/classnlohmann_1_1basic__json_a25e27ad0c6d53c01871c5485e1f75b96.html#a25e27ad0c6d53c01871c5485e1f75b96}",
    year   = "2020 (accessed February 2020)"
}

@manual{json_for_modern_cpp_typename,
    title  = "JSON for Modern C++ Type Name",
    note   = "\url{https://nlohmann.github.io/json/classnlohmann_1_1basic__json_ad14563c53cf7ca9189bc164082367bf3.html#ad14563c53cf7ca9189bc164082367bf3}",
    year   = "2020 (accessed February 2020)"
}

@manual{json_for_modern_cpp_is_array,
    title  = "JSON for Modern C++ Is Array",
    note   = "\url{https://nlohmann.github.io/json/classnlohmann_1_1basic__json_aef9ce5dd2381caee1f8ddcdb5bdd9c65.html#aef9ce5dd2381caee1f8ddcdb5bdd9c65}",
    year   = "2020 (accessed February 2020)"
}

@manual{json_for_modern_cpp_is_structured,
    title  = "JSON for Modern C++ Is Structured",
    note   = "\url{https://nlohmann.github.io/json/classnlohmann_1_1basic__json_a9f68a0af820c3ced7f9d17851ce4c22d.html#a9f68a0af820c3ced7f9d17851ce4c22d}",
    year   = "2020 (accessed February 2020)"
}

@manual{json_for_modern_cpp_update,
    title  = "JSON for Modern C++ Update",
    note   = "\url{https://nlohmann.github.io/json/classnlohmann_1_1basic__json_a1cfa9ae5e7c2434cab4cfe69bffffe11.html#a1cfa9ae5e7c2434cab4cfe69bffffe11}",
    year   = "2020 (accessed February 2020)"
}
